@inproceedings{Gortler:1996:LUM:237170.237200,
 author = {Gortler, Steven J. and Grzeszczuk, Radek and Szeliski, Richard and Cohen, Michael F.},
 title = {The Lumigraph},
 booktitle = {Proceedings of the 23rd Annual Conference on Computer Graphics and Interactive Techniques},
 series = {SIGGRAPH '96},
 year = {1996},
 isbn = {0-89791-746-4},
 pages = {43--54},
 numpages = {12},
 url = {http://doi.acm.org/10.1145/237170.237200},
 doi = {10.1145/237170.237200},
 acmid = {237200},
 publisher = {ACM},
 address = {New York, NY, USA},
}

@inproceedings{Levoy:1996:LFR:237170.237199,
 author = {Levoy, Marc and Hanrahan, Pat},
 title = {Light Field Rendering},
 booktitle = {Proceedings of the 23rd Annual Conference on Computer Graphics and Interactive Techniques},
 series = {SIGGRAPH '96},
 year = {1996},
 isbn = {0-89791-746-4},
 pages = {31--42},
 numpages = {12},
 url = {http://doi.acm.org/10.1145/237170.237199},
 doi = {10.1145/237170.237199},
 acmid = {237199},
 publisher = {ACM},
 address = {New York, NY, USA},
 keywords = {epipolar analysis, holographic stereogram, image-based rendering, light field, vector quantization},
}

@article{Liang:2015:LTF:2742222.2665075,
 author = {Liang, Chia-Kai and Ramamoorthi, Ravi},
 title = {A Light Transport Framework for Lenslet Light Field Cameras},
 journal = {ACM Trans. Graph.},
 issue_date = {February 2015},
 volume = {34},
 number = {2},
 month = mar,
 year = {2015},
 issn = {0730-0301},
 pages = {16:1--16:19},
 articleno = {16},
 numpages = {19},
 url = {http://doi.acm.org/10.1145/2665075},
 doi = {10.1145/2665075},
 acmid = {2665075},
 publisher = {ACM},
 address = {New York, NY, USA},
 keywords = {Light field camera, light transport analysis, superresolution},
}

@inproceedings{Chai:2000:PS:344779.344932,
 author = {Chai, Jin-Xiang and Tong, Xin and Chan, Shing-Chow and Shum, Heung-Yeung},
 title = {Plenoptic Sampling},
 booktitle = {Proceedings of the 27th Annual Conference on Computer Graphics and Interactive Techniques},
 series = {SIGGRAPH '00},
 year = {2000},
 isbn = {1-58113-208-5},
 pages = {307--318},
 numpages = {12},
 url = {http://dx.doi.org/10.1145/344779.344932},
 doi = {10.1145/344779.344932},
 acmid = {344932},
 publisher = {ACM Press/Addison-Wesley Publishing Co.},
 address = {New York, NY, USA},
 keywords = {image-based rendering, plenoptic functions, plenoptic sampling, sampling, spectral analysis},
}

@article{Wetzstein:2012:TDC:2185520.2185576,
 author = {Wetzstein, Gordon and Lanman, Douglas and Hirsch, Matthew and Raskar, Ramesh},
 title = {Tensor Displays: Compressive Light Field Synthesis Using Multilayer Displays with Directional Backlighting},
 journal = {ACM Trans. Graph.},
 issue_date = {July 2012},
 volume = {31},
 number = {4},
 month = jul,
 year = {2012},
 issn = {0730-0301},
 pages = {80:1--80:11},
 articleno = {80},
 numpages = {11},
 url = {http://doi.acm.org/10.1145/2185520.2185576},
 doi = {10.1145/2185520.2185576},
 acmid = {2185576},
 publisher = {ACM},
 address = {New York, NY, USA},
 keywords = {automultiscopic 3D displays, directional backlighting, light fields, multilayer LCDs, nonnegative tensor factorization},
}

@article{Huang:2015:LFS:2809654.2766922,
 author = {Huang, Fu-Chung and Chen, Kevin and Wetzstein, Gordon},
 title = {The Light Field Stereoscope: Immersive Computer Graphics via Factored Near-eye Light Field Displays with Focus Cues},
 journal = {ACM Trans. Graph.},
 issue_date = {August 2015},
 volume = {34},
 number = {4},
 month = jul,
 year = {2015},
 issn = {0730-0301},
 pages = {60:1--60:12},
 articleno = {60},
 numpages = {12},
 url = {http://doi.acm.org/10.1145/2766922},
 doi = {10.1145/2766922},
 acmid = {2766922},
 publisher = {ACM},
 address = {New York, NY, USA},
 keywords = {computational displays, focus cues, light fields},
}

@techreport{zhang2001generalized,
  title = {Generalized Plenoptic Sampling},
  author = {Zhang, Cha and Chen, Tsuhan},
  month = sep,
  year = {2001},
  institution = {Carnegie Mellon University},
  address = {Pittsburgh, PA, USA}
}

@article{Durand:2005:FAL:1073204.1073320,
 author = {Durand, Fr{\'e}do and Holzschuch, Nicolas and Soler, Cyril and Chan, Eric and Sillion, Fran\c{c}ois X.},
 title = {A Frequency Analysis of Light Transport},
 journal = {ACM Trans. Graph.},
 issue_date = {July 2005},
 volume = {24},
 number = {3},
 month = jul,
 year = {2005},
 issn = {0730-0301},
 pages = {1115--1126},
 numpages = {12},
 url = {http://doi.acm.org/10.1145/1073204.1073320},
 doi = {10.1145/1073204.1073320},
 acmid = {1073320},
 publisher = {ACM},
 address = {New York, NY, USA},
 keywords = {Fourier analysis, light transport, signal processing},
}

@article{Ng:2005:FSP:1073204.1073256,
 author = {Ng, Ren},
 title = {Fourier Slice Photography},
 journal = {ACM Trans. Graph.},
 issue_date = {July 2005},
 volume = {24},
 number = {3},
 month = jul,
 year = {2005},
 issn = {0730-0301},
 pages = {735--744},
 numpages = {10},
 url = {http://doi.acm.org/10.1145/1073204.1073256},
 doi = {10.1145/1073204.1073256},
 acmid = {1073256},
 publisher = {ACM},
 address = {New York, NY, USA},
 keywords = {digital photography, digital refocusing, fourier transform, plenoptic camera, projection-slice theorem},
}

@article{Lanman:2010:CPB:1882261.1866164,
 author = {Lanman, Douglas and Hirsch, Matthew and Kim, Yunhee and Raskar, Ramesh},
 title = {Content-adaptive Parallax Barriers: Optimizing Dual-layer 3D Displays Using Low-rank Light Field Factorization},
 journal = {ACM Trans. Graph.},
 issue_date = {December 2010},
 volume = {29},
 number = {6},
 month = dec,
 year = {2010},
 issn = {0730-0301},
 pages = {163:1--163:10},
 articleno = {163},
 numpages = {10},
 url = {http://doi.acm.org/10.1145/1882261.1866164},
 doi = {10.1145/1882261.1866164},
 acmid = {1866164},
 publisher = {ACM},
 address = {New York, NY, USA},
 keywords = {automultiscopic 3D displays, light fields, parallax barriers, weighted non-negative matrix and tensor factorization},
}

@inproceedings{Zwicker:2006:AAD:1179849.1179983,
 author = {Zwicker, Matthias and Matusik, Wojciech and Durand, Fr{\'e}do and Pfister, Hanspeter and Forlines, Clifton},
 title = {Antialiasing for Automultiscopic 3D Displays},
 booktitle = {ACM SIGGRAPH 2006 Sketches},
 series = {SIGGRAPH '06},
 year = {2006},
 isbn = {1-59593-364-6},
 location = {Boston, Massachusetts},
 articleno = {107},
 url = {http://doi.acm.org/10.1145/1179849.1179983},
 doi = {10.1145/1179849.1179983},
 acmid = {1179983},
 publisher = {ACM},
 address = {New York, NY, USA},
} 
